@article{meshlab,
  author    = {Cignoni, P. and Corsini, M. and Ranzuglia, G.},
  title     = {MeshLab: an Open-Source 3D Mesh Processing System},
  journal   = {ERCIM News},
  volume    = {2008},
  number    = {73},
  year      = {2008},
}

@inproceedings{kazhdan2006sgp,
 author = {Kazhdan, M. and Bolitho, M. and Hoppe, H.},
 title = {Poisson surface reconstruction},
 booktitle = {SGP},
 year = {2006},
}

@InProceedings{xie2013iros,
  author       = "Ziang Xie and Arjun Singh and Justin Uang and Karthik S. Narayan and Pieter Abbeel.",
  title        = "Multimodal Blending for High-Accuracy Instance Recognition",
  booktitle    = "IROS",
  year         = "2013",
}

@online{sip,
author = {Willow Garage},
title = {Solutions in Perception Challenge},
month = May,
year = {2011},
url = {http://solutionsinperception.org}
}


@article{goodstadt2010ruffus,
  title={Ruffus: a lightweight Python library for computational pipelines},
  author={Goodstadt, Leo},
  journal={Bioinformatics},
  volume={26},
  number={21},
  pages={2778--2779},
  year={2010},
  publisher={Oxford Univ Press}
}

@article{censicompmake,
  title={Compmake: Minimal Effort Paralleliza on and Job Management for Python Applica ons},
  author={Censi, Andrea}
}


@article{yamada1997job,
  title={Job shop scheduling},
  author={Yamada, Takeshi and Nakano, Ryohei},
  journal={IEE control Engineering series},
  pages={134--134},
  year={1997},
  publisher={PETER PEREGRINUS LTD}
}

@book{glover2003handbook,
  title={Handbook of metaheuristics},
  author={Glover, Fred and Kochenberger, Gary A},
  year={2003},
  publisher={Springer}
}
